<record><leader>00000cas a22000007a 4500</leader><controlfield tag="001">14391554</controlfield><controlfield tag="008">861014d18451845paudr ne      0    0eng  </controlfield><datafield ind1=" " ind2=" " tag="010"><subfield code="a">sn 86072032 </subfield></datafield><datafield ind1=" " ind2=" " tag="040"><subfield code="a">DLC</subfield><subfield code="b">eng</subfield><subfield code="c">DLC</subfield><subfield code="d">NYS</subfield><subfield code="d">NPH</subfield><subfield code="d">OCLCQ</subfield></datafield><datafield ind1=" " ind2=" " tag="042"><subfield code="a">msc</subfield></datafield><datafield ind1="0" ind2="0" tag="050"><subfield code="a">Newspaper 9375-X</subfield></datafield><datafield ind1="0" ind2="0" tag="245"><subfield code="a">Philadelphia native eagle.</subfield></datafield><datafield ind1="1" ind2="3" tag="246"><subfield code="a">Native eagle</subfield></datafield><datafield ind1=" " ind2=" " tag="260"><subfield code="a">Philadelphia [Pa. :</subfield><subfield code="b">S.n.]</subfield></datafield><datafield ind1=" " ind2=" " tag="300"><subfield code="a">v. :</subfield><subfield code="b">ill. (chiefly advertisements) ;</subfield><subfield code="c">56 cm.</subfield></datafield><datafield ind1=" " ind2=" " tag="310"><subfield code="a">Daily</subfield></datafield><datafield ind1="1" ind2=" " tag="362"><subfield code="a">Began in 1845; ceased in 1845.</subfield></datafield><datafield ind1=" " ind2=" " tag="500"><subfield code="a">The word "Philadelphia" appears within title ornament.</subfield></datafield><datafield ind1=" " ind2=" " tag="500"><subfield code="a">Editor: Peter Sken Smith.</subfield></datafield><datafield ind1=" " ind2=" " tag="515"><subfield code="a">Issues for &lt;Nov. 26, 1845&gt; called also &lt;whole no. 175&gt;.</subfield></datafield><datafield ind1=" " ind2=" " tag="588"><subfield code="a">Description based on: Vol. 1, no. 93 (Aug. 22, 1845).</subfield></datafield><datafield ind1=" " ind2=" " tag="752"><subfield code="a">United States</subfield><subfield code="b">Pennsylvania</subfield><subfield code="c">Philadelphia</subfield><subfield code="d">Philadelphia.</subfield></datafield><datafield ind1="0" ind2="0" tag="780"><subfield code="t">Native eagle</subfield><subfield code="w">(DLC)sn 86072033</subfield></datafield><datafield ind1="0" ind2="7" tag="785"><subfield code="t">American advocate (Philadelphia, Pa.)</subfield><subfield code="w">(DLC)sn 86072034</subfield></datafield><datafield ind1="0" ind2="7" tag="785"><subfield code="t">Native eagle and American advocate</subfield><subfield code="w">(DLC)sn 84026310</subfield></datafield><datafield ind1="1" ind2=" " tag="029"><subfield code="a">AU@</subfield><subfield code="b">000025796874</subfield></datafield></record>